<?xml version="1.0" encoding="UTF-8"?><record xmlns="http://www.loc.gov/MARC21/slim" xmlns:cinclude="http://apache.org/cocoon/include/1.0" xmlns:zs="http://www.loc.gov/zing/srw/">
  <leader>00620cz  a2200169n  4500</leader>
  <controlfield tag="001">nr2005023233</controlfield>
  <controlfield tag="003">DLC</controlfield>
  <controlfield tag="005">20130323100700.0</controlfield>
  <controlfield tag="008">050929n| azannaabn          |a aaa      </controlfield>
  <datafield tag="010" ind1=" " ind2=" ">
    <subfield code="a">nr2005023233</subfield>
  </datafield>
  <datafield tag="040" ind1=" " ind2=" ">
    <subfield code="a">DLC-R</subfield>
    <subfield code="b">eng</subfield>
    <subfield code="e">rda</subfield>
    <subfield code="c">DLC-R</subfield>
    <subfield code="d">DLC</subfield>
  </datafield>
  <datafield tag="046" ind1=" " ind2=" ">
    <subfield code="k">1994</subfield>
  </datafield>
  <datafield tag="100" ind1="1" ind2=" ">
    <subfield code="a">Haleṿi, Yeshaʻy. Yaʻaḳov</subfield>
    <subfield code="q">(Yeshaʻyah Yaʻaḳov).</subfield>
    <subfield code="t">Works.</subfield>
    <subfield code="k">Selections.</subfield>
    <subfield code="f">1994</subfield>
  </datafield>
  <datafield tag="381" ind1=" " ind2=" ">
    <subfield code="a">Selections</subfield>
  </datafield>
  <datafield tag="400" ind1="1" ind2=" ">
    <subfield code="w">nnea</subfield>
    <subfield code="a">Haleṿi, Yeshaʻy. Yaʻaḳov</subfield>
    <subfield code="q">(Yeshaʻyah Yaʻaḳov).</subfield>
    <subfield code="t">Selections.</subfield>
    <subfield code="f">1994</subfield>
  </datafield>
  <datafield tag="400" ind1="1" ind2=" ">
    <subfield code="a">Haleṿi, Yeshaʻy. Yaʻaḳov</subfield>
    <subfield code="q">(Yeshaʻyah Yaʻaḳov).</subfield>
    <subfield code="t">Ṿe-ḥerev pifiyot.</subfield>
    <subfield code="f">1994</subfield>
  </datafield>
  <datafield tag="670" ind1=" " ind2=" ">
    <subfield code="a">Sefer Ṿe-ḥerev pifiyot, 1994?</subfield>
  </datafield>
</record>